<?xml version="1.0" encoding="UTF-8"?><collection xmlns="http://www.loc.gov/MARC21/slim"><record><leader>00476nam--2200169-i-4500</leader><controlfield tag="001">000022245</controlfield><controlfield tag="002">20161230</controlfield><controlfield tag="005">20170106174715</controlfield><controlfield tag="008">060222s1000------------r-----000-0-eng-d</controlfield><datafield ind1=" " ind2=" " tag="040"><subfield code="a">IFIN-HH</subfield></datafield><datafield ind1=" " ind2=" " tag="080"><subfield code="a">801.323.2=945.11=30</subfield></datafield><datafield ind1="1" ind2=" " tag="100"><subfield code="a">Hal©Łsz, El¿d</subfield></datafield><datafield ind1="1" ind2="0" tag="245"><subfield code="a">Magyar-n©♭met k©♭zisz©đt©Łr</subfield><subfield code="b">Ungarisch-deutsches handworterbuch</subfield><subfield code="c">El¿d Hal©Łsz</subfield></datafield><datafield ind1=" " ind2=" " tag="260"><subfield code="a">Budapest</subfield><subfield code="b">Akad©♭miai Kiad©đ</subfield><subfield code="c">1963</subfield></datafield><datafield ind1=" " ind2=" " tag="300"><subfield code="a">XVI+896 p</subfield></datafield><datafield ind1=" " ind2=" " tag="852"><subfield code="a">D.297</subfield><subfield code="c">SLF</subfield></datafield><datafield ind1=" " ind2=" " tag="CAT"><subfield code="a">SYS</subfield><subfield code="c">20170106</subfield><subfield code="h">174715</subfield></datafield></record></collection>